% Bibliography of key references for "LaTeX for Thesis and Large Documents"
% For use with BibTeX

@book{goossens.book,
	author =	"Edward R. Laskowski, M.D.",
	title =		"Factors of Heart Rate",
	year = 		"2022",
	address = 	"Phoenix, Arizona"
}

@book{knuth.book,
        author =        "Digital Science UK Limited",
        title =         "\LaTeX\ --- A Document Preparation Library",
        year =          "2012",
        publisher =     "Digital Science UK Limited",
        address =       "London, United Kingdom"
}

@book{lamport.book,
	author =        "K. Prabhavathi, K.Tamarai Selvi, K.N. Poornima, and A. Sarvanan",
	title =         "Role of Biological Sex in Normal Cardiac Function",
	year = 		"2014",
	publisher = 	"J Clin Diagn Res",
	address =       "Chennai, Tamil Nadu, India"
}

@book{lampart.book,
	author =        "Alexandru Darie and Andy Yan",
	title =         "A Collection of Heart Rates and Height of 17-year-old People",
	year = 		"2022",
	publisher = 	"Alexandru Darie and Andy Yan",
	address =       "Toronto, Ontario, Canada"
}